@article{serfling1974probability,
  title={Probability inequalities for the sum in sampling without replacement},
  author={Serfling, R.J.},
  journal={The Annals of Statistics},
  volume={2},
  number={1},
  pages={39--48},
  year={1974},
  publisher={Institute of Mathematical Statistics}
}

@article{plaza2009recent,
  title={Recent advances in techniques for hyperspectral image processing},
  author={Plaza, A. and Benediktsson, J.A. and Boardman, J.W. and Brazile, J. and Bruzzone, L. and Camps-Valls, G. and Chanussot, J. and Fauvel, M. and Gamba, P. and Gualtieri, A. and others},
  journal={Remote Sensing of Environment},
  volume={113},
  pages={S110--S122},
  year={2009},
  publisher={Elsevier}
}

@article{fei2007learning,
  title={Learning generative visual models from few training examples: An incremental bayesian approach tested on 101 object categories},
  author={Fei-Fei, L. and Fergus, R. and Perona, P.},
  journal={Computer Vision and Image Understanding},
  volume={106},
  number={1},
  pages={59--70},
  year={2007},
  publisher={Elsevier}
}

@article{neyman1928use,
  title={On the use and interpretation of certain test criteria for purposes of statistical inference: Part I},
  author={Neyman, J. and Pearson, E.S.},
  journal={Biometrika},
  volume={20},
  number={1/2},
  pages={175--240},
  year={1928},
  publisher={JSTOR}
}

@article{ludbrook1998permutation,
  title={Why permutation tests are superior to t and F tests in biomedical research},
  author={Ludbrook, J. and Dudley, H.},
  journal={American Statistician},
  pages={127--132},
  year={1998},
  publisher={JSTOR}
}

@article{diaconis2008comment,
  title={Comment},
  author={Diaconis, P. and Lehmann, E.},
  journal={Journal of the American Statistical Association},
  volume={103},
  number={481},
  pages={16--19},
  year={2008},
  publisher={ASA}
}

@article{david2008beginnings,
  title={The beginnings of randomization tests},
  author={David, H.A.},
  journal={The American Statistician},
  volume={62},
  number={1},
  pages={70--72},
  year={2008},
  publisher={ASA}
}

@article{bentkus1996berry,
  title={The Berry-Esseen bound for Student's statistic},
  author={Bentkus, V. and G{\"o}tze, F.},
  journal={The Annals of Probability},
  volume={24},
  number={1},
  pages={491--503},
  year={1996},
  publisher={Institute of Mathematical Statistics}
}

@article{shao2005explicit,
  title={An explicit Berry-Esseen bound for Student’s t-statistic via Stein’s method},
  author={Shao, Q.M.},
  journal={Stein’s Method and Applications (AD Barbour and LHY Chen eds). Lecture Notes Series, Institute for Mathematical Sciences, NUS},
  volume={5},
  pages={143--155},
  year={2005}
}

@book{lehmann1999elements,
  title={Elements of large-sample theory},
  author={Lehmann, E.L.},
  year={1999},
  publisher={Springer Verlag}
}

@book{borwein2004mathematics,
  title={Mathematics by Experiment: Plausible reasoning in the 21st century},
  author={Borwein, J.M. and Bailey, D.H.},
  year={2004},
  publisher={AK Peters}
}

@article{stein2004use,
  title={Use of exchangeable pairs in the analysis of simulations},
  author={Stein, C. and Diaconis, P. and Holmes, S. and Reinert, G.},
  journal={Lecture Notes-Monograph Series},
  pages={1--26},
  year={2004},
  publisher={JSTOR}
}

@article{stein1986approximate,
  title={Approximate computation of expectations},
  author={Stein, C.},
  journal={Lecture Notes-Monograph Series},
  volume={7},
  year={1986},
  publisher={JSTOR}
}

@book{fisher1935design,
  title={The design of experiments.},
  author={Fisher, R.A.},
  year={1935},
  publisher={Oliver \& Boyd}
}

@book{chen2010normal,
  title={Normal Approximation by Stein's Method},
  author={Chen, L.H.Y. and Goldstein, L. and Shao, Q.M.},
  year={2010},
  publisher={Springer Verlag}
}

@article{holmes2004stein,
  title={Stein's method for birth and death chains},
  author={Holmes, S.},
  journal={Lecture Notes-Monograph Series},
  pages={45--67},
  year={2004},
  publisher={JSTOR}
}

@book{hall1997bootstrap,
  title={The bootstrap and Edgeworth expansion},
  author={Hall, P.},
  year={1997},
  publisher={Springer Verlag}
}

@article{zhou2004nonparametric,
  title={Nonparametric confidence intervals for the one-and two-sample problems},
  author={Zhou, X.H. and Dinh, P.},
  journal={Biostatistics},
  pages={187-200},
  year={2005},
  publisher={Oxford University Press}
}

@book{thas2009comparing,
  title={Comparing distributions},
  author={Thas, O.},
  year={2009},
  publisher={Springer Verlag}
}

@article{diaconis1994gray,
  title={Gray codes for randomization procedures},
  author={Diaconis, P. and Holmes, S.},
  journal={Statistics and Computing},
  volume={4},
  number={4},
  pages={287--302},
  year={1994},
  publisher={Springer}
}

@article{solomon1977distribution,
  title={Distribution of a sum of weighted chi-square variables},
  author={Solomon, H. and Stephens, M.A.},
  journal={Journal of the American Statistical Association},
  volume={72},
  number={360},
  pages={881--885},
  year={1977},
  publisher={JSTOR}
}

@Article{feivesonNASA,
  title={The Distribution and Properties of a Weighted Sum of Chi Squares},
  author={Feiveson, A.H. and Delaney, F.C. },
  journal={NASA Technical Note},
  volume={TN D-4575},
  pages={1--38},
  year={1968},
}


     @Manual{cran,
       title        = {R: A Language and Environment for Statistical
                       Computing},
       author       = {{R Development Core Team}},
       organization = {R Foundation for Statistical Computing},
       address      = {Vienna, Austria},
       year         = 2011,
       note         = {{ISBN} 3-900051-07-0},
       url          = {http://www.R-project.org}
     }

  @Manual{twitteR,
    title = {twitteR: R based Twitter client},
    author = {Jeff Gentry},
    year = {2011},
    note = {R package version 0.99.6},
    url = {http://CRAN.R-project.org/package=twitteR},
  }



@book{lehmann2005testing,
  title={Testing Statistical Hypotheses},
  author={Lehmann, E.L. and Romano, J.P.},
  year={2005},
  publisher={Springer Verlag}
}

@Article{lanckriet2004learning,
  title={Learning the Kernel Matrix with Semidefinite Programming},
  author={Lanckriet, G.R.G. and Cristianini, N. and Bartlett, P. and Ghaoui, L.E. and Jordan, M.I.},
  journal={The Journal of Machine Learning Research},
  volume={5},
  pages={27--72},
  year={2004},
  publisher={JMLR. org}
}

@Article{gretton2010fast,
  title={A Fast, Consistent Kernel Two-Sample Test},
  author={Gretton, A. and Fukumizu, K. and Harchaoui, Z. and Sriperumbudur, B.K.},
  journal={Advances in Neural Information Processing Systems},
  volume={22},
  pages={673--681},
  year={2010},
  publisher={Citeseer}
}

@Article{gretton19m,
  title={A Kernel Method for the Two-Sample-Problem},
  author={Gretton, A. and Borgwardt, KM and Rasch, M. and Sch{\"o}lkopf, B. and Smola, AJ},
  journal={Advances in Neural Information Processing Systems},
  volume={19},
  pages={513--520},
year={2007}
}

@Article{kernlab,
    title = {kernlab -- An {S4} Package for Kernel Methods in {R}},
    author = {Alexandros Karatzoglou and Alex Smola and Kurt Hornik and
      Achim Zeileis},
    journal = {Journal of Statistical Software},
    year = {2004},
    volume = {11},
    number = {9},
    pages = {1--20},
    url = {http://www.jstatsoft.org/v11/i09/},
}


@book{scholkopf2002learning,
  title={Learning with Kernels: Support Vector Machines, Regularization, Optimization, and Beyond},
  author={Sch{\"o}lkopf, B. and Smola, A.J.},
  year={2002},
  publisher={the MIT Press}
}

@misc{ptypeatpase,
  author = {Axelsen, Kristian B.},
  title = {P-Type ATPase Database},
  month = apr,
  year = {2011},
  note = {http://www.traplabs.dk/patbase/}
}

@article{jaakkola1999exploiting,
  title={{Exploiting generative models in discriminative classifiers}},
  author={Jaakkola, T.S. and Haussler, D.},
  journal={Advances in neural information processing systems},
  pages={487--493},
  issn={1049-5258},
  year={1999},
  publisher={Citeseer}
}

@book{efron2010large,
  title={{Large-Scale Inference: Empirical Bayes Methods for Estimation, Testing, and Prediction}},
  author={Efron, B.},
  isbn={0521192498},
  year={2010},
  publisher={Cambridge Univ Pr}
}

@article{friedman30908multivariate,
  title={{On Multivariate Goodness--of--Fit and Two--Sample Testing}},
  author={Friedman, J.H.},
  journal={Proceedings of Phystat2003, http://www.slac.stanford.edu/econf/C},
  volume={30908},
  year={2003},
  publisher={Citeseer}
}

@conference{leslie2002spectrum,
  title={{The spectrum kernel: A string kernel for SVM protein classification}},
  author={Leslie, C. and Eskin, E. and Noble, W.S.},
  booktitle={Proceedings of the Pacific Symposium on Biocomputing},
  volume={7},
  pages={566--575},
  year={2002},
  organization={Hawaii, USA.}
}

@article{karatzoglou2004kernlab,
  title={{kernlab--an S4 package for kernel methods in R}},
  author={Karatzoglou, A. and Smola, A. and Hornik, K. and Zeileis, A.},
  journal={Journal of Statistical Software},
  volume={11},
  number={9},
  pages={1--20},
  year={2004},
  publisher={Citeseer}
}

@article{axelsen1998evolution,
  title={{Evolution of substrate specificities in the P-type ATPase superfamily}},
  author={Axelsen, K.B. and Palmgren, M.G.},
  journal={Journal of molecular evolution},
  volume={46},
  number={1},
  pages={84--101},
  issn={0022-2844},
  year={1998},
  publisher={Springer}
}

@article{friedman1979multivariate,
  title={{Multivariate generalizations of the Wald-Wolfowitz and Smirnov two-sample tests}},
  author={Friedman, J.H. and Rafsky, L.C.},
  journal={The Annals of Statistics},
  volume={7},
  number={4},
  pages={697--717},
  year={1979},
  publisher={JSTOR}
}

@article{student1908probable,
  title={{The probable error of a mean}},
  author={Student},
  journal={Biometrika},
  volume={6},
  number={1},
  pages={1--25},
  year={1908},
  publisher={JSTOR}
}

@article{zabell2008student,
  title={{On Student's 1908 Article The Probable Error of a Mean}},
  author={Zabell, SL},
  journal={Journal of the American Statistical Association},
  volume={103},
  number={481},
  pages={1--7},
  year={2008},
  publisher={ASA}
}

@article{hotelling1931generalization,
  title={{The generalization of Student's ratio}},
  author={Hotelling, H.},
  journal={The Annals of Mathematical Statistics},
  pages={360--378},
  year={1931},
  publisher={JSTOR}
}


@article{dempster1958high,
  title={{A high dimensional two sample significance test}},
  author={Dempster, AP},
  journal={The Annals of Mathematical Statistics},
  volume={29},
  number={4},
  pages={995--1010},
  year={1958},
  publisher={JSTOR}
}


@article{chen2010two,
  title={{A two-sample test for high-dimensional data with applications to gene-set testing}},
  author={Chen, S.X. and Qin, Y.L.},
  journal={The Annals of Statistics},
  volume={38},
  number={2},
  pages={808--835},
  year={2010},
  publisher={Institute of Mathematical Statistics}
}

@book{puri1971nonparametric,
  title={{Nonparametric methods in multivariate analysis}},
  author={Puri, M.L. and Sen, P.K.},
  year={1971},
  publisher={Wiley New York}
}

@article{baringhaus2004new,
  title={{On a new multivariate two-sample test}},
  author={Baringhaus, L. and Franz, C.},
  journal={Journal of Multivariate Analysis},
  volume={88},
  number={1},
  pages={190--206},
  year={2004},
  publisher={Elsevier}
}

@article{wool1944relation,
  title={{The relation between measures of correlation in the universe of sample permutations}},
  author={Daniels, HE},
  journal={Biometrika},
  volume={33},
  number={2},
  pages={129},
  year={1944},
  publisher={Biometrika Trust}
}

@article{friedman1983graph,
  title={{Graph-theoretic measures of multivariate association and prediction}},
  author={Friedman, J.H. and Rafsky, L.C.},
  journal={The Annals of Statistics},
  volume={11},
  number={2},
  pages={377--391},
  year={1983},
  publisher={JSTOR}
}

@book{kendall1970rank,
  title={{Rank correlation methods}},
  author={Kendall, M.G. and Gibbons, J.D.},
  year={1970},
  publisher={Griffin London}
}

@article{baldi1989asymptotic,
  title={{Asymptotic normality of some graph-related statistics}},
  author={Baldi, P. and Rinott, Y.},
  journal={Journal of Applied Probability},
  volume={26},
  number={1},
  pages={171--175},
  year={1989},
  publisher={JSTOR}
}

@article{xing2003distance,
  title={{Distance metric learning with application to clustering with side-information}},
  author={Xing, E.P. and Ng, A.Y. and Jordan, M.I. and Russell, S.},
  journal={Advances in neural information processing systems},
  pages={521--528},
  issn={1049-5258},
  year={2003},
  publisher={Citeseer}
}

@article{weinberger2009distance,
  title={{Distance metric learning for large margin nearest neighbor classification}},
  author={Weinberger, K.Q. and Saul, L.K.},
  journal={The Journal of Machine Learning Research},
  volume={10},
  pages={207--244},
  issn={1532-4435},
  year={2009},
  publisher={JMLR. org}
}

@article{leadbetter1983extremes,
  title={{Extremes and related properties of random sequences and processes.}},
  author={Leadbetter, M.R. and Lindgren, G. and Rootzen, H.},
  year={1983}
}

@article{poh2010addressing,
  title={Addressing missing values in kernel-based multimodal biometric fusion using neutral point substitution},
  author={Poh, N. and Windridge, D. and Mottl, V. and Tatarchuk, A. and Eliseyev, A.},
  journal={Information Forensics and Security, IEEE Transactions on},
  volume={5},
  number={3},
  pages={461--469},
  year={2010},
  publisher={IEEE}
}

@article{panov2011modified,
  title={A modified neutral point method for kernel-based fusion of pattern-recognition modalities with incomplete data sets},
  author={Panov, M. and Tatarchuk, A. and Mottl, V. and Windridge, D.},
  journal={Multiple Classifier Systems},
  pages={126--136},
  year={2011},
  publisher={Springer}
}

@article{qiu2005multiple,
  title={Multiple kernel learning for support vector regression},
  author={Qiu, S. and Lane, T.},
  journal={Computer Science Department, The University of New Mexico, Albuquerque, NM, USA, Tech. Rep},
  year={2005},
  publisher={Citeseer}
}

@article{gonen2011multiple,
  title={Multiple kernel learning algorithms},
  author={G{\"o}nen, M. and Alpayd{\i}n, E.},
  journal={Journal of Machine Learning Research},
  volume={12},
  pages={2211--2268},
  year={2011}
}

@article{gretton2012kernel,
  title={A kernel two-sample test},
  author={Gretton, A. and Borgwardt, K.M. and Rasch, M.J. and Sch{\"o}lkopf, B. and Smola, A.},
  journal={The Journal of Machine Learning Research},
  volume={13},
  pages={723--773},
  year={2012},
  publisher={JMLR. org}
}

@article{borgwardt2006integrating,
  title={Integrating structured biological data by kernel maximum mean discrepancy},
  author={Borgwardt, K.M. and Gretton, A. and Rasch, M.J. and Kriegel, H.P. and Sch{\"o}lkopf, B. and Smola, A.J.},
  journal={Bioinformatics},
  volume={22},
  number={14},
  pages={e49--e57},
  year={2006},
  publisher={Oxford Univ Press}
}

@article{platt1999probabilistic,
  title={Probabilistic outputs for support vector machines and comparisons to regularized likelihood methods},
  author={Platt, J. and others},
  journal={Advances in large margin classifiers},
  volume={10},
  number={3},
  pages={61--74},
  year={1999},
  publisher={Cambridge, MA}
}

@article{lin2007note,
  title={A note on Platt’s probabilistic outputs for support vector machines},
  author={Lin, H.T. and Lin, C.J. and Weng, R.C.},
  journal={Machine learning},
  volume={68},
  number={3},
  pages={267--276},
  year={2007},
  publisher={Springer}
}

@inproceedings{wahba1992multivariate,
  title={Multivariate function and operator estimation, based on smoothing splines and reproducing kernels},
  author={Wahba, G.},
  booktitle={SANTA FE INSTITUTE STUDIES IN THE SCIENCES OF COMPLEXITY-PROCEEDINGS VOLUME-},
  volume={12},
  pages={95--95},
  year={1992},
  organization={ADDISON-WESLEY PUBLISHING CO}
}

@article{wahba1999support,
  title={Support vector machines, reproducing kernel Hilbert spaces and the randomized GACV},
  author={Wahba, G. and others},
  journal={Advances in Kernel Methods-Support Vector Learning},
  volume={6},
  pages={69--87},
  year={1999},
  publisher={Citeseer}
}

@article{bolthausen1984estimate,
  title={An estimate of the remainder in a combinatorial central limit theorem},
  author={Bolthausen, Erwin},
  journal={Probability Theory and Related Fields},
  volume={66},
  number={3},
  pages={379--386},
  year={1984},
  publisher={Springer}
}

@article{aizerman1964theoretical,
  title={Theoretical foundations of the potential function method in pattern recognition learning},
  author={Aizerman, A and Braverman, Emmanuel M and Rozoner, LI},
  journal={Automation and remote control},
  volume={25},
  pages={821--837},
  year={1964}
}

@book{scholkopf2004kernel,
  title={Kernel methods in computational biology},
  author={Sch{\"o}lkopf, Bernhard and Tsuda, Koji and Vert, Jean-Philippe},
  year={2004},
  publisher={MIT press}
}

@article{cortes1995support,
  title={Support-vector networks},
  author={Cortes, Corinna and Vapnik, Vladimir},
  journal={Machine learning},
  volume={20},
  number={3},
  pages={273--297},
  year={1995},
  publisher={Springer}
}

@book{boyd2004convex,
  title={Convex optimization},
  author={Boyd, Stephen and Vandenberghe, Lieven},
  year={2004},
  publisher={Cambridge university press}
}

@article{platt199912,
  title={Fast Training of Support Vector Machines using Sequential Minimal Optimization},
  author={Platt, John C},
  year={1999}
}

@article{kimeldorf1971some,
  title={Some results on Tchebycheffian spline functions},
  author={Kimeldorf, George and Wahba, Grace},
  journal={Journal of Mathematical Analysis and Applications},
  volume={33},
  number={1},
  pages={82--95},
  year={1971},
  publisher={Elsevier}
}

@article{kloft2011lp,
  title={Lp-norm multiple kernel learning},
  author={Kloft, Marius and Brefeld, Ulf and Sonnenburg, S{\"o}ren and Zien, Alexander},
  journal={The Journal of Machine Learning Research},
  volume={999999},
  pages={953--997},
  year={2011},
  publisher={JMLR. org}
}

@article{sonnenburg2010shogun,
  title={The SHOGUN machine learning toolbox},
  author={Sonnenburg, S{\"o}ren and R{\"a}tsch, Gunnar and Henschel, Sebastian and Widmer, Christian and Behr, Jonas and Zien, Alexander and Bona, Fabio de and Binder, Alexander and Gehl, Christian and Franc, Vojt{\v{e}}ch},
  journal={The Journal of Machine Learning Research},
  volume={11},
  pages={1799--1802},
  year={2010},
  publisher={JMLR. org}
}

@article{sonnenburg2006large,
  title={Large scale multiple kernel learning},
  author={Sonnenburg, S{\"o}ren and R{\"a}tsch, Gunnar and Sch{\"a}fer, Christin and Sch{\"o}lkopf, Bernhard},
  journal={The Journal of Machine Learning Research},
  volume={7},
  pages={1531--1565},
  year={2006},
  publisher={JMLR. org}
}

@inproceedings{stein1972bound,
  title={A bound for the error in the normal approximation to the distribution of a sum of dependent random variables},
  author={Stein, Charles},
  booktitle={Proc. Sixth Berkeley Symp. Math. Stat. Prob.},
  pages={583--602},
  year={1972}
}

@article{chen1975poisson,
  title={Poisson approximation for dependent trials},
  author={Chen, Louis HY},
  journal={The Annals of Probability},
  pages={534--545},
  year={1975},
  publisher={JSTOR}
}

@article{barbour1985multiple,
  title={Multiple comparisons and sums of dissociated random variables},
  author={Barbour, Andrew D and Eagleson, GK},
  journal={Advances in applied probability},
  pages={147--162},
  year={1985},
  publisher={JSTOR}
}

@article{diaconis1977distribution,
  title={The distribution of leading digits and uniform distribution mod 1},
  author={Diaconis, Persi},
  journal={The Annals of Probability},
  pages={72--81},
  year={1977},
  publisher={JSTOR}
}

@inproceedings{diaconis2004stein,
  title={Stein's method: expository lectures and applications},
  author={Diaconis, Persi and Holmes, Susan},
  year={2004},
  organization={Ims}
}

@book{barbour2005introduction,
  title={An introduction to Stein's method},
  author={Barbour, AD and Chen, Louis Hsiao Yun},
  volume={4},
  year={2005},
  publisher={World Scientific}
}

@book{barbour2005stein,
  title={Stein's method and applications},
  author={Barbour, AD and Chen, Louis Hsiao Yun},
  volume={5},
  year={2005},
  publisher={World Scientific Publishing Company Incorporated}
}

@article{bahr1976remainder,
  title={Remainder term estimate in a combinatorial limit theorem},
  author={von Bahr, Bengt},
  journal={Probability Theory and Related Fields},
  volume={35},
  number={2},
  pages={131--139},
  year={1976},
  publisher={Springer}
}

@article{ho1978l_p,
  title={An $ L\_p $ bound for the remainder in a combinatorial central limit theorem},
  author={Ho, Soo-Thong and Chen, Louis HY},
  journal={The Annals of Probability},
  volume={6},
  number={2},
  pages={231--249},
  year={1978},
  publisher={Institute of Mathematical Statistics}
}

@article{rinott1997coupling,
  title={On coupling constructions and rates in the CLT for dependent summands with applications to the antivoter model and weighted U-statistics},
  author={Rinott, Yosef and Rotar, Vladimir},
  journal={The Annals of Applied Probability},
  pages={1080--1105},
  year={1997},
  publisher={JSTOR}
}

@article{shao2006berry,
  title={The Berry-Esseen bound for character ratios},
  author={Shao, Qi-Man and Su, Zhong-Gen},
  journal={Proceedings of the American Mathematical Society},
  volume={134},
  number={7},
  pages={2153--2159},
  year={2006}
}

@inproceedings{kuhn1951nonlinear,
  title={Nonlinear programming},
  author={Kuhn, Harold W and Tucker, Albert W},
  booktitle={Proceedings of the second Berkeley symposium on mathematical statistics and probability},
  volume={5},
  year={1951},
  organization={California}
}

@misc{hastie2009elements,
  title={The Elements of Statistical Learnin},
  author={Hastie, Trevor and Tibshirani, Robert and Friedman, Jerome},
  year={2009},
  publisher={New York: Springer}
}

@book{vapnik1999nature,
  title={The nature of statistical learning theory},
  author={Vapnik, Vladimir},
  year={1999},
  publisher={springer}
}

@article{cam1986central,
  title={The central limit theorem around 1935},
  author={Cam, L Le},
  journal={Statistical science},
  volume={1},
  number={1},
  pages={78--91},
  year={1986},
  publisher={Institute of Mathematical Statistics}
}

@article{hoeffding1951combinatorial,
  title={A combinatorial central limit theorem},
  author={Hoeffding, Wassily},
  journal={The Annals of Mathematical Statistics},
  volume={22},
  number={4},
  pages={558--566},
  year={1951},
  publisher={Institute of Mathematical Statistics}
}

@article{spearman1904proof,
  title={The proof and measurement of association between two things},
  author={Spearman, Charles},
  journal={The American journal of psychology},
  volume={15},
  number={1},
  pages={72--101},
  year={1904},
  publisher={JSTOR}
}

@article{salama1990note,
  title={A note on Spearman's footrule},
  author={Salama, Ibrahim A and Quade, Dana},
  journal={Communications in Statistics-Simulation and Computation},
  volume={19},
  number={2},
  pages={591--601},
  year={1990},
  publisher={Taylor \& Francis}
}

@article{diaconis1977spearman,
  title={Spearman's footrule as a measure of disarray},
  author={Diaconis, Persi and Graham, Ronald L},
  journal={Journal of the Royal Statistical Society. Series B (Methodological)},
  pages={262--268},
  year={1977},
  publisher={JSTOR}
}

@article{sens2011spearman,
  title={Spearman's footrule: Asymptotics in applications},
  author={Sen, Pranab K and Salama, Ibrahim A and Quade, Dana},
  journal={Chilean Journal of Statistics},
  year={2011},
  pages={3--20}
}

@article{motoo1956hoeffding,
  title={On the Hoeffding's combinatorial central limit theorem},
  author={Motoo, Minoru},
  journal={Annals of the Institute of Statistical Mathematics},
  volume={8},
  number={1},
  pages={145--154},
  year={1956},
  publisher={Springer}
}

@article{wald1944statistical,
  title={Statistical tests based on permutations of the observations},
  author={Wald, Abraham and Wolfowitz, Jacob},
  journal={The Annals of Mathematical Statistics},
  volume={15},
  number={4},
  pages={358--372},
  year={1944},
  publisher={JSTOR}
}

@article{noether1949theorem,
  title={On a theorem by Wald and Wolfowitz},
  author={Noether, Gottfried E},
  journal={The Annals of Mathematical Statistics},
  volume={20},
  number={3},
  pages={455--458},
  year={1949},
  publisher={JSTOR}
}

@book{fisher1970statistical,
  title={Statistical methods for research workers},
  author={Fisher, Ronald Aylmer and Genetiker, Statistiker and Fisher, Ronald Aylmer and Genetician, Statistician and Britain, Great and Fisher, Ronald Aylmer and G{\'e}n{\'e}ticien, Statisticien},
  volume={14},
  year={1970},
  publisher={Oliver and Boyd Edinburgh}
}

@article{logan1973limit,
  title={Limit distributions of self-normalized sums},
  author={Logan, Benjamin F and Mallows, CL and Rice, SO and Shepp, LA},
  journal={The Annals of Probability},
  volume={1},
  number={5},
  pages={788--809},
  year={1973},
  publisher={Institute of Mathematical Statistics}
}

@article{efron1969student,
  title={Student's t-test under symmetry conditions},
  author={Efron, Bradley},
  journal={Journal of the American Statistical Association},
  volume={64},
  number={328},
  pages={1278--1302},
  year={1969},
  publisher={Taylor \& Francis}
}

@article{de2004self,
  title={Self-normalized processes: exponential inequalities, moment bounds and iterated logarithm laws},
  author={de la Pe{\~n}a, Victor H and Klass, Michael J and Lai, Tze Leung},
  journal={Annals of probability},
  pages={1902--1933},
  year={2004},
  publisher={JSTOR}
}

@article{shao1997self,
  title={Self-normalized large deviations},
  author={Shao, Qi-Man},
  journal={The Annals of Probability},
  volume={25},
  number={1},
  pages={285--328},
  year={1997},
  publisher={Institute of Mathematical Statistics}
}